@online{malinowski_using_nodate,
	title = {Using Zotero with {LaTeX} and {BibTeX} {FAQ}},
	rights = {Copyright {MIT} Libraries 2017},
	url = {http://libguides.mit.edu/c.php?g=176000&p=1159208},
	shorttitle = {{LibGuides}},
	abstract = {{LibGuides}: Zotero at {MIT}: Zotero with {LaTeX} and {BibTeX}},
	titleaddon = {{MITLibraries}},
	author = {Malinowski, Christine},
	langid = {english},
}
